<record><leader>00000cas a22000007a 4500</leader><controlfield tag="001">9524685</controlfield><controlfield tag="008">830519d18691870mauwr ne      0    0eng d</controlfield><datafield ind1=" " ind2=" " tag="010"><subfield code="a">sn 83020719 </subfield></datafield><datafield ind1=" " ind2=" " tag="040"><subfield code="a">NPX</subfield><subfield code="b">eng</subfield><subfield code="c">NPX</subfield><subfield code="d">DLC</subfield><subfield code="d">MGN</subfield><subfield code="d">OCLCQ</subfield></datafield><datafield ind1=" " ind2=" " tag="042"><subfield code="a">msc</subfield></datafield><datafield ind1="0" ind2="0" tag="245"><subfield code="a">Provincetown advocate, and Cape Cod advertiser.</subfield></datafield><datafield ind1=" " ind2=" " tag="260"><subfield code="a">Provincetown, Mass. :</subfield><subfield code="b">J.M. Crocker</subfield></datafield><datafield ind1=" " ind2=" " tag="300"><subfield code="a">v.</subfield></datafield><datafield ind1=" " ind2=" " tag="310"><subfield code="a">Weekly</subfield></datafield><datafield ind1="0" ind2=" " tag="362"><subfield code="a">Vol. 1, no. 1 (Feb. 2, 1869)-v. 2, no. 27 (Aug. 3, 1870).</subfield></datafield><datafield ind1=" " ind2=" " tag="752"><subfield code="a">United States</subfield><subfield code="b">Massachusetts</subfield><subfield code="c">Barnstable</subfield><subfield code="d">Provincetown.</subfield></datafield><datafield ind1=" " ind2=" " tag="752"><subfield code="a">United States</subfield><subfield code="b">Massachusetts</subfield><subfield code="c">Barnstable.</subfield></datafield><datafield ind1="0" ind2="0" tag="785"><subfield code="t">Provincetown advocate</subfield><subfield code="w">(DLC)sn 83020720</subfield></datafield></record>